@article{rao2023tricking,
  title   = {Tricking LLMs into Disobedience: Understanding, Analyzing, and Preventing Jailbreaks},
  author  = {Rao, Abhinav and Vashistha, Sachin and Naik, Atharva and Aditya, Somak and Choudhury, Monojit},
  journal = {arXiv preprint arXiv:2305.14965},
  year    = {2023}
}
@inproceedings{abdelnabi2023not,
  title     = {Not What You've Signed Up For: Compromising Real-World LLM-Integrated Applications with Indirect Prompt Injection},
  author    = {Abdelnabi, Sahar and Greshake, Kai and Mishra, Shailesh and Endres, Christoph and Holz, Thorsten and Fritz, Mario},
  booktitle = {Proceedings of the 16th ACM Workshop on Artificial Intelligence and Security},
  pages     = {79--90},
  year      = {2023}
}
@article{liu2023prompt,
  title   = {Prompt Injection attack against LLM-integrated Applications},
  author  = {Liu, Yi and Deng, Gelei and Li, Yuekang and Wang, Kailong and Zhang, Tianwei and Liu, Yepang and Wang, Haoyu and Zheng, Yan and Liu, Yang},
  journal = {arXiv preprint arXiv:2306.05499},
  year    = {2023}
}
@article{devlin2018bert,
  title   = {Bert: Pre-training of deep bidirectional transformers for language understanding},
  author  = {Devlin, Jacob and Chang, Ming-Wei and Lee, Kenton and Toutanova, Kristina},
  journal = {arXiv preprint arXiv:1810.04805},
  year    = {2018}
} 

@misc{openai2023gpt4,
  title         = {GPT-4 Technical Report},
  author        = {OpenAI},
  year          = {2023},
  eprint        = {2303.08774},
  archiveprefix = {arXiv},
  primaryclass  = {cs.CL}
}
@article{ouyang2022training,
  title={Training language models to follow instructions with human feedback},
  author={Ouyang, Long and Wu, Jeffrey and Jiang, Xu and Almeida, Diogo and Wainwright, Carroll and Mishkin, Pamela and Zhang, Chong and Agarwal, Sandhini and Slama, Katarina and Ray, Alex and others},
  journal={Advances in Neural Information Processing Systems},
  volume={35},
  pages={27730--27744},
  year={2022}
}
@article{kang2023exploiting,
  title={Exploiting programmatic behavior of llms: Dual-use through standard security attacks},
  author={Kang, Daniel and Li, Xuechen and Stoica, Ion and Guestrin, Carlos and Zaharia, Matei and Hashimoto, Tatsunori},
  journal={arXiv preprint arXiv:2302.05733},
  year={2023}
}